<?xml version="1.0" encoding="UTF-8"?><collection xmlns="http://www.loc.gov/MARC21/slim"><record><leader>00590nam--2200193-u-4500</leader><controlfield tag="001">000055059</controlfield><controlfield tag="002">20161230</controlfield><controlfield tag="005">20161230201052</controlfield><controlfield tag="008">121026s1000------------r-----000-0-eng-d</controlfield><datafield ind1=" " ind2=" " tag="020"><subfield code="a">0520026659</subfield></datafield><datafield ind1=" " ind2=" " tag="040"><subfield code="a">IFIN-HH</subfield></datafield><datafield ind1=" " ind2=" " tag="080"><subfield code="a">539.12.17:539.12.04:539.2</subfield></datafield><datafield ind1="1" ind2=" " tag="100"><subfield code="a">Fleischer, Robert L</subfield></datafield><datafield ind1="1" ind2="0" tag="245"><subfield code="a">Nuclear tracks in solids</subfield><subfield code="b">Principles and applications</subfield><subfield code="c">Robert l. fleischer, p.buford price, robert m. walker</subfield></datafield><datafield ind1=" " ind2=" " tag="260"><subfield code="a">Berkeley</subfield><subfield code="b">University Of Californa Press</subfield><subfield code="c">1975</subfield></datafield><datafield ind1=" " ind2=" " tag="300"><subfield code="a">XIX+605P</subfield></datafield><datafield ind1="1" ind2=" " tag="700"><subfield code="a">Walker, Robert M</subfield></datafield><datafield ind1=" " ind2=" " tag="852"><subfield code="a">45291</subfield><subfield code="c">539.2</subfield></datafield><datafield ind1=" " ind2=" " tag="CAT"><subfield code="a">Sys</subfield><subfield code="c">20121026</subfield><subfield code="h">111548</subfield></datafield></record></collection>